@thesis{NCEPU:ThermalEfficiencyForHeatEngines,
    author = {Jinliang, Xu and Yawen, Zheng and Yanjuan, Wang},
    title = {An actual thermal efficiency expression for heat engines: Effect of heat transfer roadmaps},
    year = {2017},
    url = {https://bjmfht.ncepu.edu.cn/docs/2017-09/20170901164645826277.pdf},
    urldate = {2025-02-23}
}

@thesis{vutb:parniStroj,
    author = {Lukáš Flimel},
    title = {Parní stroj},
    school = {Vysoké učení technické v Brně},
    year = {2013},
    url = {https://www.vut.cz/www_base/zav_prace_soubor_verejne.php?file_id=63638}
}

@thesis{st:parniStroj,
    author = {Lea Vagnerová},
    title = {Parní stroj},
    year = {2019},
    school = {Gymnázium Botičská},
    url = {http://stretech.fs.cvut.cz/2019/sbornik_2019/sbornik2019/99.pdf}
}
% 8.9.2024

@misc{APS:CarnotCycleAtFinitePower,
    author = {Armen Allahverdyan, Karen Hovhannisyan, Alexey Melkikh},
    title = {Carnot cycle at finite power: Attainability of maximal efficiency},
    year = {2013},
    url = {https://arxiv.org/pdf/1304.0262},
}
% 5.9.2024

@article{SP:IdealGasBehaviour,
    author = {Kevin KM, Cooper JS},
    title = {Ideal Gas Behavior},
    year = {2023},
    journal = {StatPearls},
    Publisher = {StatPearls Publishing, Treasure Island (FL)},
    URL = {http://europepmc.org/books/NBK441936},
}
% 7.9.2024

@article{SA:SteamTurbines,
    author = {Walter Hossli},
    title = {Steam Turbines},
    journal = {Scientific American}, 
    year = {1969},
    url = {https://www.jstor.org/stable/24926337},
}
% strany 100-110, 10.9.2024

@misc{LESICS:WorkingOfSteamTurbine,
    author = {Sabin Mathew},
    title = {Working of Steam Turbine},
    year = {2013},
    url = {https://www.lesics.com/working-of-steam-turbine.html}
}
% 12.9.2024

@thesis{vutb:vyzkumneSpalovaciMotory,
    author = {Martin Chromý},
    title = {Výzkumné spalovací motory},
    school = {Vysoké učení technické v Brně},
    year = {2010},
    url = {http://hdl.handle.net/11012/15468},
}
% 13.9.2024

@article{ANNALS:TheHistoryOfTheInternalCombustionEngine,
    author = {Sorin RAŢIU},
    title = {The History of the Internal Combustion Engine},
    year = {2003},
    url = {https://annals.fih.upt.ro/pdf-full/2003/ANNALS-2003-3-21.pdf}
}
% 13.9.2024

@phdthesis{VUTB:NavrhRaketovehoMotoru,
    author = {Jakub Cejpek},
    title = {Návrh raketového motoru},
    school = {Vysoké učení technické v Brně},
    year = {2009},
    url = {http://hdl.handle.net/11012/12306}
}
% 17.9.2024

@phdthesis{VUTB:PrehledTechnickychAspektuVyvojeLeteckychProudovychMotoru,
    author = {Filip Doseděl},
    title = {Přehled technických aspektů vývoje leteckých proudových motorů},
    school = {Vysoké učení technické v Brně},
    year = {2008},
    url = {http://hdl.handle.net/11012/2073},
}

@phdthesis{MIT:NewtonsLawsOfMotion,
    author = {Peter Dourmashkin},
    title = {Newton's Laws of Motion},
    year = {2012},
    url = {https://ocw.mit.edu/courses/8-01sc-classical-mechanics-fall-2016/mit8_01scs22_chapter7.pdf},
}
% 20.9.2024

@phdthesis{CVUT:NávrhKonstrukceVznetovehoMotoru,
    author = {David Hladík},
    title = {Návrh konstrukce vznětového motoru},
    school = {České vysoké učení technické v Praze},
    year = {2017},
    url = {	http://hdl.handle.net/10467/73064}
}
% 23.9.2024

@phdthesis{ZUP:CtyrdobyAtmosferickyZazehovyMotor,
    author = {Lukáš Mráz},
    title = {Čtyřdobý atmosférický zážehový motor},
    school = {Západočeská univerzita v Plzni},
    year = {2017},
    url = {http://hdl.handle.net/11025/28893}
}
% 23.9.2024

@book{WILEY:FundamentalsOfEngineeringThermodynamics,
    title = {Fundamentals of Engineering Thermodynamics},
    author = {Michael J. Moran and Howard N. Shapiro},
    isbn={9780470030370},
    year={2006},
    publisher={John Wiley \& Sons Ltd}
}
% 23.9.2024

@article{NASA:IdealOttoCycle,
    title = {Ideal Otto Cycle},
    publisher = {NASA},
    url = {https://www.grc.nasa.gov/www/k-12/BGP/ottoa.html}
}
% 25.9.2024
% Nejsem si jistý jak citovat

@article{APPA:TheEffectsOfCycleTemperatureAndCyclePressureRatiosOnThePerformanceOfAnIrreversibleOttoCycle,
    author = {Y. Ust and B. Sahin and A. Safa},
    title = {The Effects of Cycle Temperature and Cycle Pressure Ratios
on the Performance of an Irreversible Otto Cycle},
    school = {Yildiz Technical University},
    year = {2011},
    url = {http://przyrbwn.icm.edu.pl/APP/PDF/120/a120z3p09.pdf}
}


@article{SD:EfficienczOfHeatEnginesAtMaximumPower,
    author = {Desmond E. Winterbone},
    title = {Efficiency of Heat Engines at Maximum Power},
    journal = {Advanced Thermodynamics for Engineers},
    year = {1997},
    url = {https://www.sciencedirect.com/topics/engineering/carnot-cycle-efficiency}
}

@phdthesis{VUTB:DvoudobyMotorProParagliding,
    author = {Petr Šafařík},
    title = {Dvoudobý motor pro paragliding},
    school = {Vysoké technické učení v Brně},
    year = {2008},
    url = {http://hdl.handle.net/11012/81350}
}

@book{TO:TechnologieOprav,
    author = {Ing. Stanislav Pekárek},
    title = {Technologie oprav 1},
    year = {2015},
    isbn = {978-80-88058-21-2},
    url = {https://ejmskoly.publi.cz/book/160-technologie-oprav-1},
}

@article{SP:ApplicationAspectsOfSteamTurbinesForCombinedHeatAndPowerGeneration,
    author = {Luboš Prchlík},
    title = {Application Aspects of Steam Turbines for Combined Heat and Power Generation},
    year = {2015}, 
    url = {http://www.vok.nu/wp-content/uploads/2015/04/Panndagarna-2015-Lubos-Prchlik.pdf}
}

@article{VWGAG:RealizingFutureTrendsInDieselEngineDevelopment,
    author = {B. Georgi and S. Hunkert and J. Liang and M. Willman},
    title = {Realizing Future Trends in Diesel Engine Developement},
    journal = {Volkswagen AG},
    year = {1997},
    url = {https://pics.tdiclub.com/data/500/19210sae972686.pdf}
}

@misc{NASA:propulsionIndex,
    author = {NASA},
    title = {Propulsion Index},
    url  = {https://www.grc.nasa.gov/WWW/k-12/airplane/shortp.html}
}
% 17.10.2024

@misc{AUTOMOBIL:Skoda1000MBLegendaSlavi60Let,
  author = {Jiří Duchoň},
  title = {Škoda 1000 MB - Legenda slaví 60 let},
  year = {2024},
  url = {https://www.automobilrevue.cz/rubriky/specialy/skoda-1000-mb-legenda-slavi-60-let_49752.html},
  publisher = {AUTOMOBIL}
}
% 26.11.2024

@misc{PBS:Minijets,
  author = {Minijets.org},
  title = {PBS TJ-100},
  year = {2024},
  url = {https://minijets.org/en/100-150/pbs-tj100/}
}

@misc{MZ:CZ175,
    author = {Michal Čtrnáctý},
    title = {ČZ 175 (1935-46)},
    year = {2011},
    url = {http://michalovyzetky.cz/index.php?obsah=modely&clanek=cz_175},
}
%11/26/2024

@misc{RG:ReducedOrderModel,
  author = {Jose Rodrigo, Luis Sanchez de Leon, J.L. Montañés},
  title = {A Reduced Order Model for Monitoring Aeroengines Condition in Real-Time},
  year = {2023},
  url = {https://www.researchgate.net/publication/372213753_A_Reduced_Order_Model_for_Monitoring_Aeroengines_Condition_in_Real-Time}
}
%4/11/2023

@misc{TL:OffDesignPerformancePrediction,
  author = {Prof. André Calado Marta},
  publisher = {Técnico Lisboa},
  title = {Off-Design Performance Prediction of the CFM56-3 Aircraft Engine},
  year = {2015},
  url = {https://mdo.tecnico.ulisboa.pt/wp-content/uploads/publications_MScThesis_Martins_2015.pdf}
}
%4/11/2023

@misc{TB:AIM9Sidewinder,
  author = {Dr. Dan Saranga},
  title = {AIM-9 Sidewinder},
  url = {https://www.the-blueprints.com/blueprints/weapons/bulletsmissiles/71620/view/aim-9_sidewinder/}
}
%18/11/2023

@misc{HR:F1RocketEngine,
  author = {Rocketdyne},
  title = {Rocketdyne},
  url = {https://www.chrispennello.com/j2/J-2%20Engine%20Fact%20Sheet.pdf}
}
%5/12/2024